<record><leader>00000cas a22000007a 4500</leader><controlfield tag="001">10231314</controlfield><controlfield tag="008">831217d18311869ohuwr ne      0    0eng d</controlfield><datafield ind1=" " ind2=" " tag="010"><subfield code="a">sn 83035667 </subfield></datafield><datafield ind1=" " ind2=" " tag="040"><subfield code="a">NPY</subfield><subfield code="b">eng</subfield><subfield code="c">NPY</subfield><subfield code="d">NPV</subfield><subfield code="d">NPX</subfield><subfield code="d">DLC</subfield><subfield code="d">ONP</subfield><subfield code="d">NVK</subfield><subfield code="d">OCL</subfield><subfield code="d">OCLCQ</subfield><subfield code="d">DLC</subfield><subfield code="d">IUL</subfield><subfield code="d">OCLCQ</subfield><subfield code="d">OCLCF</subfield></datafield><datafield ind1="1" ind2=" " tag="029"><subfield code="a">AU@</subfield><subfield code="b">000040234255</subfield></datafield><datafield ind1=" " ind2=" " tag="042"><subfield code="a">msc</subfield></datafield><datafield ind1=" " ind2=" " tag="043"><subfield code="a">n-us-oh</subfield></datafield><datafield ind1="0" ind2="0" tag="050"><subfield code="a">Newspaper 9214-X</subfield></datafield><datafield ind1="0" ind2=" " tag="130"><subfield code="a">Chillicothe advertiser (Chillicothe, Ross County, Ohio : 1831)</subfield></datafield><datafield ind1="1" ind2="0" tag="245"><subfield code="a">Chillicothe advertiser.</subfield></datafield><datafield ind1=" " ind2=" " tag="260"><subfield code="a">Chillicothe, Ohio :</subfield><subfield code="b">J. Hough,</subfield><subfield code="c">-1869.</subfield></datafield><datafield ind1=" " ind2=" " tag="300"><subfield code="a">v. :</subfield><subfield code="b">ill. (chiefly advertisements) ;</subfield><subfield code="c">54-73 cm.</subfield></datafield><datafield ind1=" " ind2=" " tag="310"><subfield code="a">Weekly</subfield></datafield><datafield ind1="1" ind2=" " tag="362"><subfield code="a">Began with June 11, 1831 issue.</subfield></datafield><datafield ind1="0" ind2=" " tag="362"><subfield code="a">-v. 39, no. 19 (Dec. 30, 1869).</subfield></datafield><datafield ind1=" " ind2=" " tag="500"><subfield code="a">Editors: J. Hough, C. Pine, 1839-1845.</subfield></datafield><datafield ind1=" " ind2=" " tag="500"><subfield code="a">Publishers: J. Hough, 1831-1845; Samuel W. Halsey &amp; Joseph Dowdall, 1845-1846; Samuel W. Halsey, 1846-1849; Halsey and Bookwalter, &lt;1849&gt;; Addison Bookwalter, &lt;1850&gt;-1853; E.B. Eshelman, 1853; Eshelman &amp; Bollmeyer, 1853-1854; E.B. Eshelman, &lt;1863&gt;.</subfield></datafield><datafield ind1=" " ind2=" " tag="500"><subfield code="a">"Democratic", &lt;1845&gt;.</subfield></datafield><datafield ind1=" " ind2=" " tag="515"><subfield code="a">Vols. for &lt;May 1, 1841-Jan. 25, 1866&gt; also called whole no. &lt;516-2974&gt;.</subfield></datafield><datafield ind1=" " ind2=" " tag="580"><subfield code="a">Daily ed.: Chillicothe morning advertiser.</subfield></datafield><datafield ind1=" " ind2=" " tag="588"><subfield code="a">Description based on: Vol. 1, no. 6 (July 16, 1831).</subfield></datafield><datafield ind1=" " ind2="0" tag="651"><subfield code="a">Chillicothe (Ross County, Ohio)</subfield><subfield code="v">Newspapers.</subfield></datafield><datafield ind1=" " ind2="7" tag="655"><subfield code="a">Newspapers.</subfield><subfield code="2">fast</subfield><subfield code="0">(OCoLC)fst01423814</subfield></datafield><datafield ind1=" " ind2="7" tag="651"><subfield code="a">Ohio</subfield><subfield code="z">Chillicothe (Ross County)</subfield><subfield code="2">fast</subfield><subfield code="0">(OCoLC)fst01312400</subfield></datafield><datafield ind1="1" ind2=" " tag="700"><subfield code="a">Hough, John.</subfield></datafield><datafield ind1=" " ind2=" " tag="752"><subfield code="a">United States</subfield><subfield code="b">Ohio</subfield><subfield code="c">Ross</subfield><subfield code="d">Chillicothe.</subfield></datafield><datafield ind1="1" ind2=" " tag="775"><subfield code="t">Chillicothe morning advertiser</subfield><subfield code="w">(DLC)sn 83035655</subfield></datafield><datafield ind1="0" ind2="0" tag="780"><subfield code="t">Chillicothe evening post</subfield><subfield code="w">(DLC)sn 83035663</subfield></datafield><datafield ind1="0" ind2="0" tag="785"><subfield code="t">Chillicothe weekly advertiser (Chillicothe, Ross County, Ohio : 1870)</subfield><subfield code="w">(DLC)sn 83035668</subfield></datafield></record>